<?xml version="1.0" encoding="UTF-8"?>
  <record xmlns="http://www.loc.gov/MARC21/slim" type="Authority">
    <leader>00000nz  a2200000nc 4500</leader>
    <controlfield tag="001">131525115</controlfield>
    <controlfield tag="003">DE-101</controlfield>
    <controlfield tag="005">20220711095425.0</controlfield>
    <controlfield tag="008">060405n||aznnnaabn           | aaa    |c</controlfield>
    <datafield tag="024" ind1="7" ind2=" ">
      <subfield code="a">131525115</subfield>
      <subfield code="0">http://d-nb.info/gnd/131525115</subfield>
      <subfield code="2">gnd</subfield>
    </datafield>
    <datafield tag="035" ind1=" " ind2=" ">
      <subfield code="a">(DE-101)131525115</subfield>
    </datafield>
    <datafield tag="035" ind1=" " ind2=" ">
      <subfield code="a">(DE-588)131525115</subfield>
    </datafield>
    <datafield tag="035" ind1=" " ind2=" ">
      <subfield code="z">(DE-588)119620197</subfield>
    </datafield>
    <datafield tag="035" ind1=" " ind2=" ">
      <subfield code="z">(DE-588a)119620197</subfield>
      <subfield code="9">v:zg</subfield>
    </datafield>
    <datafield tag="035" ind1=" " ind2=" ">
      <subfield code="z">(DE-588a)131525115</subfield>
      <subfield code="9">v:zg</subfield>
    </datafield>
    <datafield tag="035" ind1=" " ind2=" ">
      <subfield code="z">(DE-588a)100039138</subfield>
    </datafield>
    <datafield tag="040" ind1=" " ind2=" ">
      <subfield code="a">DE-14</subfield>
      <subfield code="c">DE-14</subfield>
      <subfield code="9">r:DE-600</subfield>
      <subfield code="b">ger</subfield>
      <subfield code="d">1885</subfield>
    </datafield>
    <datafield tag="042" ind1=" " ind2=" ">
      <subfield code="a">gnd1</subfield>
    </datafield>
    <datafield tag="043" ind1=" " ind2=" ">
      <subfield code="c">XA-CH</subfield>
    </datafield>
    <datafield tag="075" ind1=" " ind2=" ">
      <subfield code="b">p</subfield>
      <subfield code="2">gndgen</subfield>
    </datafield>
    <datafield tag="075" ind1=" " ind2=" ">
      <subfield code="b">piz</subfield>
      <subfield code="2">gndspec</subfield>
    </datafield>
    <datafield tag="079" ind1=" " ind2=" ">
      <subfield code="a">g</subfield>
      <subfield code="q">a</subfield>
      <subfield code="q">f</subfield>
      <subfield code="q">z</subfield>
      <subfield code="q">t</subfield>
      <subfield code="q">d</subfield>
      <subfield code="u">k</subfield>
    </datafield>
    <datafield tag="100" ind1="1" ind2=" ">
      <subfield code="a">Beumler, Marcus</subfield>
      <subfield code="d">1555-1611</subfield>
    </datafield>
    <datafield tag="375" ind1=" " ind2=" ">
      <subfield code="a">1</subfield>
      <subfield code="2">iso5218</subfield>
    </datafield>
    <datafield tag="400" ind1="1" ind2=" ">
      <subfield code="a">Beumlerus, Marcus</subfield>
      <subfield code="d">1555-1611</subfield>
    </datafield>
    <datafield tag="400" ind1="1" ind2=" ">
      <subfield code="a">Beumler, Marx</subfield>
      <subfield code="d">1555-1611</subfield>
    </datafield>
    <datafield tag="400" ind1="1" ind2=" ">
      <subfield code="a">Bäumlein, Markus</subfield>
      <subfield code="d">1555-1611</subfield>
    </datafield>
    <datafield tag="400" ind1="1" ind2=" ">
      <subfield code="a">Bäumler, Markus</subfield>
      <subfield code="d">1555-1611</subfield>
    </datafield>
    <datafield tag="400" ind1="1" ind2=" ">
      <subfield code="a">Beumler, Markus</subfield>
      <subfield code="d">1555-1611</subfield>
    </datafield>
    <datafield tag="500" ind1="1" ind2=" ">
      <subfield code="0">(DE-101)119605562</subfield>
      <subfield code="0">(DE-588)119605562</subfield>
      <subfield code="0">https://d-nb.info/gnd/119605562</subfield>
      <subfield code="a">Ambühl, Rudolf</subfield>
      <subfield code="d">1499-1578</subfield>
      <subfield code="4">beza</subfield>
      <subfield code="4">https://d-nb.info/standards/elementset/gnd#acquaintanceshipOrFriendship</subfield>
      <subfield code="w">r</subfield>
      <subfield code="i">Bekanntschaft</subfield>
      <subfield code="e">Bekanntschaft</subfield>
      <subfield code="9">v:VD-16 Mitverf.</subfield>
    </datafield>
    <datafield tag="500" ind1="1" ind2=" ">
      <subfield code="0">(DE-101)118659952</subfield>
      <subfield code="0">(DE-588)118659952</subfield>
      <subfield code="0">https://d-nb.info/gnd/118659952</subfield>
      <subfield code="a">Breitinger, Johann Jakob</subfield>
      <subfield code="d">1575-1645</subfield>
      <subfield code="4">beza</subfield>
      <subfield code="4">https://d-nb.info/standards/elementset/gnd#acquaintanceshipOrFriendship</subfield>
      <subfield code="w">r</subfield>
      <subfield code="i">Bekanntschaft</subfield>
      <subfield code="e">Bekanntschaft</subfield>
      <subfield code="9">v:VD-16 Mitverf.</subfield>
    </datafield>
    <datafield tag="500" ind1="1" ind2=" ">
      <subfield code="0">(DE-101)118520814</subfield>
      <subfield code="0">(DE-588)118520814</subfield>
      <subfield code="0">https://d-nb.info/gnd/118520814</subfield>
      <subfield code="a">Cicero, Marcus Tullius</subfield>
      <subfield code="d">v106-v43</subfield>
      <subfield code="4">beza</subfield>
      <subfield code="4">https://d-nb.info/standards/elementset/gnd#acquaintanceshipOrFriendship</subfield>
      <subfield code="w">r</subfield>
      <subfield code="i">Bekanntschaft</subfield>
      <subfield code="e">Bekanntschaft</subfield>
      <subfield code="9">v:VD-16 Mitverf.</subfield>
    </datafield>
    <datafield tag="500" ind1="0" ind2=" ">
      <subfield code="0">(DE-101)118524658</subfield>
      <subfield code="0">(DE-588)118524658</subfield>
      <subfield code="0">https://d-nb.info/gnd/118524658</subfield>
      <subfield code="a">Demosthenes</subfield>
      <subfield code="d">v384-v322</subfield>
      <subfield code="4">beza</subfield>
      <subfield code="4">https://d-nb.info/standards/elementset/gnd#acquaintanceshipOrFriendship</subfield>
      <subfield code="w">r</subfield>
      <subfield code="i">Bekanntschaft</subfield>
      <subfield code="e">Bekanntschaft</subfield>
      <subfield code="9">v:VD-16 Mitverf.</subfield>
    </datafield>
    <datafield tag="500" ind1="1" ind2=" ">
      <subfield code="0">(DE-101)116371838</subfield>
      <subfield code="0">(DE-588)116371838</subfield>
      <subfield code="0">https://d-nb.info/gnd/116371838</subfield>
      <subfield code="a">Eglin, Raphael</subfield>
      <subfield code="d">1559-1622</subfield>
      <subfield code="4">beza</subfield>
      <subfield code="4">https://d-nb.info/standards/elementset/gnd#acquaintanceshipOrFriendship</subfield>
      <subfield code="w">r</subfield>
      <subfield code="i">Bekanntschaft</subfield>
      <subfield code="e">Bekanntschaft</subfield>
      <subfield code="9">v:VD-16 Mitverf.</subfield>
    </datafield>
    <datafield tag="500" ind1="1" ind2=" ">
      <subfield code="a">Grynaeus, Johannes Jakob</subfield>
      <subfield code="4">beza</subfield>
      <subfield code="4">https://d-nb.info/standards/elementset/gnd#acquaintanceshipOrFriendship</subfield>
      <subfield code="w">r</subfield>
      <subfield code="i">Bekanntschaft</subfield>
      <subfield code="e">Bekanntschaft</subfield>
      <subfield code="9">v:VD-16 Mitverf.</subfield>
    </datafield>
    <datafield tag="500" ind1="1" ind2=" ">
      <subfield code="0">(DE-101)116651326</subfield>
      <subfield code="0">(DE-588)116651326</subfield>
      <subfield code="0">https://d-nb.info/gnd/116651326</subfield>
      <subfield code="a">Heilbrunner, Jakob</subfield>
      <subfield code="d">1548-1618</subfield>
      <subfield code="4">beza</subfield>
      <subfield code="4">https://d-nb.info/standards/elementset/gnd#acquaintanceshipOrFriendship</subfield>
      <subfield code="w">r</subfield>
      <subfield code="i">Bekanntschaft</subfield>
      <subfield code="e">Bekanntschaft</subfield>
      <subfield code="9">v:VD-16 Mitverf.</subfield>
    </datafield>
    <datafield tag="500" ind1="1" ind2=" ">
      <subfield code="0">(DE-101)119739704</subfield>
      <subfield code="0">(DE-588)119739704</subfield>
      <subfield code="0">https://d-nb.info/gnd/119739704</subfield>
      <subfield code="a">Laurentius, Stanislaus</subfield>
      <subfield code="4">beza</subfield>
      <subfield code="4">https://d-nb.info/standards/elementset/gnd#acquaintanceshipOrFriendship</subfield>
      <subfield code="w">r</subfield>
      <subfield code="i">Bekanntschaft</subfield>
      <subfield code="e">Bekanntschaft</subfield>
      <subfield code="9">v:VD-16 Mitverf.</subfield>
    </datafield>
    <datafield tag="500" ind1="0" ind2=" ">
      <subfield code="0">(DE-101)118595237</subfield>
      <subfield code="0">(DE-588)118595237</subfield>
      <subfield code="0">https://d-nb.info/gnd/118595237</subfield>
      <subfield code="a">Plutarchus</subfield>
      <subfield code="d">45-120</subfield>
      <subfield code="4">beza</subfield>
      <subfield code="4">https://d-nb.info/standards/elementset/gnd#acquaintanceshipOrFriendship</subfield>
      <subfield code="w">r</subfield>
      <subfield code="i">Bekanntschaft</subfield>
      <subfield code="e">Bekanntschaft</subfield>
      <subfield code="9">v:VD-16 Mitverf.</subfield>
    </datafield>
    <datafield tag="500" ind1="1" ind2=" ">
      <subfield code="a">Schinz, Johannes Heinrich</subfield>
      <subfield code="4">beza</subfield>
      <subfield code="4">https://d-nb.info/standards/elementset/gnd#acquaintanceshipOrFriendship</subfield>
      <subfield code="w">r</subfield>
      <subfield code="i">Bekanntschaft</subfield>
      <subfield code="e">Bekanntschaft</subfield>
      <subfield code="9">v:VD-16 Mitverf.</subfield>
    </datafield>
    <datafield tag="548" ind1=" " ind2=" ">
      <subfield code="a">XX.XX.1555-30.07.1611</subfield>
      <subfield code="4">datx</subfield>
      <subfield code="4">https://d-nb.info/standards/elementset/gnd#dateOfBirthAndDeath</subfield>
      <subfield code="w">r</subfield>
      <subfield code="i">Exakte Lebensdaten</subfield>
    </datafield>
    <datafield tag="548" ind1=" " ind2=" ">
      <subfield code="a">1555-1611</subfield>
      <subfield code="4">datl</subfield>
      <subfield code="4">https://d-nb.info/standards/elementset/gnd#dateOfBirthAndDeath</subfield>
      <subfield code="w">r</subfield>
      <subfield code="i">Lebensdaten</subfield>
    </datafield>
    <datafield tag="550" ind1=" " ind2=" ">
      <subfield code="a">Prof.</subfield>
      <subfield code="4">akad</subfield>
      <subfield code="4">https://d-nb.info/standards/elementset/gnd#academicDegree</subfield>
      <subfield code="w">r</subfield>
      <subfield code="i">Akademischer Grad</subfield>
    </datafield>
    <datafield tag="550" ind1=" " ind2=" ">
      <subfield code="0">(DE-101)040597563</subfield>
      <subfield code="0">(DE-588)4059756-8</subfield>
      <subfield code="0">https://d-nb.info/gnd/4059756-8</subfield>
      <subfield code="a">Theologe</subfield>
      <subfield code="4">berc</subfield>
      <subfield code="4">https://d-nb.info/standards/elementset/gnd#professionOrOccupation</subfield>
      <subfield code="w">r</subfield>
      <subfield code="i">Charakteristischer Beruf</subfield>
    </datafield>
    <datafield tag="551" ind1=" " ind2=" ">
      <subfield code="0">(DE-101)04068038X</subfield>
      <subfield code="0">(DE-588)4068038-1</subfield>
      <subfield code="0">https://d-nb.info/gnd/4068038-1</subfield>
      <subfield code="a">Zürich</subfield>
      <subfield code="4">orts</subfield>
      <subfield code="4">https://d-nb.info/standards/elementset/gnd#placeOfDeath</subfield>
      <subfield code="w">r</subfield>
      <subfield code="i">Sterbeort</subfield>
    </datafield>
    <datafield tag="667" ind1=" " ind2=" ">
      <subfield code="a">12</subfield>
    </datafield>
    <datafield tag="667" ind1=" " ind2=" ">
      <subfield code="a">384</subfield>
    </datafield>
    <datafield tag="667" ind1=" " ind2=" ">
      <subfield code="a">7</subfield>
    </datafield>
    <datafield tag="667" ind1=" " ind2=" ">
      <subfield code="a">VD-16</subfield>
    </datafield>
    <datafield tag="667" ind1=" " ind2=" ">
      <subfield code="a">VD-17</subfield>
    </datafield>
    <datafield tag="670" ind1=" " ind2=" ">
      <subfield code="a">LCAuth</subfield>
    </datafield>
    <datafield tag="670" ind1=" " ind2=" ">
      <subfield code="a">Supellex epistolica Uffenbachii et Wolfiorum = Katalog der Uffenbach-Wolfschen Briefsammlung / hrsg. u. bearb. von Nilüfer Krüger. - Hamburg : Hauswedell, 1978. 2 Bde. - (Katalog der Handschriften der Staats- und Universitätsbibliothek Hamburg ; 8)</subfield>
    </datafield>
    <datafield tag="672" ind1=" " ind2="0">
      <subfield code="a">Von der Gemeinschafft der Heiligen, Dem Lebendigmachenden Fleisch ..</subfield>
      <subfield code="f">1589</subfield>
    </datafield>
    <datafield tag="672" ind1=" " ind2="0">
      <subfield code="a">Ein tröstreiche Predigt, von dem ewigen und himmlischen Vatterland ..</subfield>
      <subfield code="f">1590</subfield>
    </datafield>
    <datafield tag="672" ind1=" " ind2="0">
      <subfield code="a">Analysis pia, modesta et necessaria disputationis D. Jacobi Andreae ..</subfield>
      <subfield code="f">1584</subfield>
    </datafield>
    <datafield tag="672" ind1=" " ind2="0">
      <subfield code="a">Antichristus romanus</subfield>
      <subfield code="f">1590</subfield>
    </datafield>
    <datafield tag="672" ind1=" " ind2="0">
      <subfield code="a">Apologia ... in qua ... exponuntur causae ..</subfield>
      <subfield code="f">1585</subfield>
    </datafield>
    <datafield tag="672" ind1=" " ind2="0">
      <subfield code="a">NECESSARIVS ET PERSPICVVS ELENCHVS SOPHISMATVM Iacobi Andreae, quae Orthodoxae &amp; ...</subfield>
      <subfield code="f">1585</subfield>
      <subfield code="0">(vd16)B 2337</subfield>
    </datafield>
    <datafield tag="672" ind1=" " ind2="0">
      <subfield code="a">Falco a Marco Beumlero Tigurino emissus, Ad capiendum ..</subfield>
      <subfield code="f">1585</subfield>
    </datafield>
    <datafield tag="672" ind1=" " ind2="0">
      <subfield code="a">Ad Jacobum Andreae triplex scriptum I. Falconis complementum ..</subfield>
      <subfield code="f">1586</subfield>
    </datafield>
    <datafield tag="672" ind1=" " ind2="0">
      <subfield code="a">Analysis M. T. Ciceronis Catonis maioris</subfield>
      <subfield code="f">1583</subfield>
    </datafield>
    <datafield tag="672" ind1=" " ind2="0">
      <subfield code="a">Cicero, Marcus Tullius: Oratio pro T. Annio Milone</subfield>
      <subfield code="f">1586</subfield>
      <subfield code="0">(vd16)C 3329</subfield>
    </datafield>
    <datafield tag="672" ind1=" " ind2="0">
      <subfield code="a">Cicero, Marcus Tullius: Epistolae, Ausz.</subfield>
      <subfield code="f">1588</subfield>
      <subfield code="0">(vd16)ZV 3605</subfield>
    </datafield>
    <datafield tag="672" ind1=" " ind2="0">
      <subfield code="a">Christliche Predig von dem Ampt vnnd pflicht der Ehleute auß dem 5 Cap. der Epistel Pauli ...</subfield>
      <subfield code="f">1588</subfield>
      <subfield code="0">(vd16)B 2321</subfield>
    </datafield>
    <datafield tag="672" ind1=" " ind2="0">
      <subfield code="a">ELOCUTIONIS RHETORICAE Libri duo: QUORUM ILLE DE TROPIS: HIC DE FIGURIS. ... Operâ ...</subfield>
      <subfield code="f">1598</subfield>
      <subfield code="0">(vd16)B 2331</subfield>
    </datafield>
    <datafield tag="672" ind1=" " ind2="0">
      <subfield code="a">De Cognitione HOMIŃIS LAPSI ET INSTAVRATI TERTIA DISPVTATIO E PSALMO XIX. ... A MARCO ...</subfield>
      <subfield code="f">1597</subfield>
      <subfield code="0">(vd16)B 2322</subfield>
    </datafield>
    <datafield tag="672" ind1=" " ind2="0">
      <subfield code="a">Theodoretus &lt;von Cyrus&gt;: \=GTHEODŌRĒTU EPISKOPU KYRU APATHĒS DIALOGOS g.\=g THEODORETI EPISCOPI CYRI DIALOGVS ...</subfield>
      <subfield code="f">1594</subfield>
      <subfield code="0">(vd16)T 774</subfield>
    </datafield>
    <datafield tag="672" ind1=" " ind2="0">
      <subfield code="a">Cicero, Marcus Tullius: De senectute</subfield>
      <subfield code="f">1583</subfield>
      <subfield code="0">(vd16)C 3754</subfield>
    </datafield>
    <datafield tag="672" ind1=" " ind2="0">
      <subfield code="a">Disputatio de perseverantia sanctorum in fide</subfield>
      <subfield code="f">1599</subfield>
      <subfield code="0">(vd16)B 2325</subfield>
    </datafield>
    <datafield tag="672" ind1=" " ind2="0">
      <subfield code="a">Disputatio de phrasibus, quibus scriptura s. de Christo Jesu loquens utitur</subfield>
      <subfield code="f">1599</subfield>
      <subfield code="0">(vd16)B 2324</subfield>
    </datafield>
    <datafield tag="678" ind1=" " ind2=" ">
      <subfield code="b">Reformierter Theologe, 1580-84 Studium in Tübingen, 1584 in Heidelberg, ab 1587 Rektor der Schule in Neuhausen/Pfalz, ab 1592 Pfarrer in Alzey/Pfalz, ab 1594 2. Pfarrer des Großmünster in Zürich, dann Professor für Theologie und griech. Sprache in Zürich, an der Pest gest.</subfield>
    </datafield>
    <datafield tag="913" ind1=" " ind2=" ">
      <subfield code="S">pnd</subfield>
      <subfield code="i">a</subfield>
      <subfield code="a">Beumler, Marcus</subfield>
      <subfield code="0">(DE-588a)131525115</subfield>
    </datafield>
    <datafield tag="913" ind1=" " ind2=" ">
      <subfield code="S">pnd</subfield>
      <subfield code="i">a</subfield>
      <subfield code="a">Beumler, Markus</subfield>
      <subfield code="0">(DE-588a)119620197</subfield>
    </datafield>
  </record>
